% capitolo 1

@book{Linz2011,
  title={Ion Beam Therapy},
  author={Linz},
  year={2012},
  publisher={Springer}
}

@PhdThesis{Parodi2004,
  title={On the feasibility of dose quantification with in-beam PET data in radiotherapy with C and proton beams},
  author={Parodi},
  school={Technischen Universitat Dresden},
  month={November},
  year={2004}
}

@book{Ferlay2012,
  title={Cancer Incidence and Mortality Worldwide: IARC CancerBase No. 11},
  author={Ferlay, Soerjomataram et al.},
  journal={GLOBOCAN 2012 v1.0},
  year={2012},
  publisher={International Agency for Research on Cancer}
}  

@article{Durante2010,
  title={Charged particles in radiation oncology},
  author={Durante, Loeffler},
  journal={Nature Reviews Clinical Oncology},
  number={7},
  pages={37--43},
  year={2010},
  publisher={Nature Publishing Group}
}

@article{Enghardt2004,
  title={Charged hadron tumour therapy monitoring by means of PET},
  author={Enghardt, Crespo et al.},
  journal={Nuclear Instruments & Methods in Physics Research A},
  number={525},
  pages={284--288},
  year={2004},
  publisher={Elsevier}
}

@article{Wilson1946,
  title={Radiological use of fast protons},
  author={Wilson},
  journal={Radiology},
  number={47},
  pages={487--491},
  year={1946},
  publisher={RSNA}
}

@article{Crespo2007,
  title={Direct time-of-flight for quantitative, real-time in-beam PET: a concept and feasibility study},
  author={Crespo, Shakirin et al.},
  journal={Physics in Medicine and Biology},
  number={52},
  pages={6795--6811},
  year={2007},
  publisher={IOP}
}

@article{Amaldi2011,
  title={Present challenges in hadrontherapy techniques},
  author={Amaldi, Braccini},
  journal={The European Physical Journal Plus},
  number={126},
  pages={70--85},
  year={2011},
  publisher={Springer}
}

@article{Fiedler2006,
  title={The Feasibility of In-Beam PET for Therapeutic Beams of He},
  author={Fiedler, Crespo et al.},
  journal={IEEE Transactions in Nuclear Science},
  number={4},
  volume={53},
  pages={2252-2260},
  year={2006},
  publisher={IEEE}
}

@article{Conti2011,
  title={Focus on time-of-flight PET: the benefits of improved time resolution},
  author={Conti},
  journal={European Journal of Nuclear Medicine and Molecular Imaging},
  number={38},
  pages={1147-1157},
  year={2011},
  publisher={Springer}
}

% capitolo 2

@book{Lecoq2006,
  title={Inorganic Scintillators for Detector Systems},
  author={Lecoq, Annenkov et al.},
  year={2006},
  publisher={Springer}
}

@book{Rodnyi1997,
  title={Physical Processes in Inorganic Scintillators},
  author={Rodnyi},
  year={1997},
  publisher={CRC Press}
}

@book{xdata2009,
  title={X-Ray Data Booklet},
  author={Thompson, Attwood et al.},
  year={2009},
  publisher={Lawrence Berkeley National Laboratory, University of California}
}

@article{nist2005,
  title={Stopping-Power and Range Tables for Electrons, Protons, and Helium Ions},
  author={Berger, Coursey et al.},
  year={2005},
  publisher={NIST, Physical Measurement Laboratory}
}

@article{jellison2012,
  title={Spectroscopic Refractive Indices of Monoclinic Single Crystal and Ceramic Lutetium Oxyorthosilicate from 200 to 850 nm},
  author={Jellison, Specht et al.},
  journal={Journal of Applied Physics},
  year={2012},
  volume={112},
  publisher={American Institute of Physics}
}


% capitolo 3
@article{Karp2008,
  title={The benefit of time-of-flight in PET imaging: Experimental and clinical results},
  author={Karp, Surti et al.},
  journal={Journal of Nuclear Medicine},
  volume={49},
  pages={462-470},
  year={2008},
  publisher={Society of Nuclear Medicine and Molecular Imaging}
  }
  
@article{Schardt2007,
  title={Precision Bragg-Curve Measurements for Light-Ion Beams in Water},
  author={Schardt, Steidl et al.},
  journal={GSI Scientific Report},
  year={2007},
  }

@article{Dolgoshein2003,
  title={Silicon photomultiplier and its possible applications},
  author={Dolgoshein, Filatov et al.},
  journal={Nuclear Instruments and Methods in Physics Research A},
  volume={504},
  pages={48-52},
  year={2003},
  publisher={Elsevier}
  }

@article{Vavra2004,
  title={Ion feedback suppression using inclined MCP holes in a Single-MCP + Micromegas + Pads detector },
  author={Va'vra},
  journal={Proceeding of Nuclear Science Symposium Conference Record},
  volume={2},
  pages={1142-1146},
  year={2004},
  publisher={IEEE}
}

@PhdThesis{Gundacker2014,
  title={Time resolution in scintillator based detectors for
positron emission tomography},
  author={Gundacker},
  school={Technischen Universitat Wien},
  month={March},
  year={2014}
}

@book{Knoll2000,
  title={Radiation Detection and Measurement},
  author={Knoll},
  year={2000},
  publisher={Wiley}
}

@book{Hama2006,
  title={Photomultiplier Tubes - Basic and Applications},
  author={Hamamatsu},
  year={2006},
  publisher={Hamamatsu}
}

@article{Anghinolfi2004,
  title={NINO: An Ultrafast Low-Power Front-End Amplifier Discriminator for the Time-of-Flight Detector in the ALICE Experiment},
  author={Anghinolfi, Jarron et al.},
  journal={IEEE Transactions on Nuclear Science},
  volume={51},  
  number={5},
  pages={1974--1978},
  year={2004}
}

% capitolo quattro

@article{Onsager1938,
  title={Initial recombination of ions},
  author={Onsager},
  journal={Physical Review},
  number={54},
  pages={554-557},
  year={1938}
}

@article{Vasiliev2013,
  title={Multiscale Approach to Estimation of Scintillation Characteristics},
  author={Vasil√©v, Getkin},
  journal={IEE Transaction on Nuclear Science},
  number={Accepted},
  publisher={IEEE}
}

@article{Seifert2012,
  title={The Lower Bound on the Timing Resolution of Scintillation Detectors},
  author={Seifert, Schaart, van Dam},
  journal={Physics in Medicine and Biology},  
  number={57},
  pages={1797-1814},
  year={2012},
  publisher={Institute of Physics Publishing}
}

@article{Shao2006,
  title={A new timing model for calculating the intrinsic timing resolution of a scintillator detector},
  author={Shao},
  journal={Physics in Medicine and Biology},  
  number={52},
  pages={1103-1117},
  year={2006},
  publisher={Institute of Physics Publishing}
}

@article{Hyman1963,
  title={Study of High Speed Photomultiplier Systems},
  author={Hyman, Schwarcz, Schluter},
  journal={The Review of Physical Instruments},
  volume={35},  
  number={3},
  pages={393--406},
  year={1963}
}

% capitolo 5

% capitolo 6

@article{Bajzer1991,
  title={Maximum likelihood method for the analysis of time-resolved fluorescence decay curves},
  author={Bajzer, Therneau et al.},
  journal={European Biophysics Journal},
  volume = {20},  
  number={5},
  pages={247--262},
  year={1991},
  publisher={Springer}
}

@book{Becker2005,
  title={Advanced Time-Correlated Single Photon Counting Techniques},
  author={Becker},
  year={2005},
  publisher={Springer}
}


% capitolo 7

% capitolo 8

@article{Martin2001,
  title={Time-Resolved Studies of Scintillation Materials with VUV Harmonic Ultrashort Pulses Laser Source},
  author={Martin, Belsky et al.},
  journal={IEEE Transactions on Nuclear Science},
  volume={48},  
  number={4},
  pages={1137-1143},
  year={2001}
}

% capitolo 9

% altri













